%YAML 1.1
%TAG !u! tag:unity3d.com,2011:
--- !u!1 &4046711025944947465
GameObject:
  m_ObjectHideFlags: 0
  m_CorrespondingSourceObject: {fileID: 0}
  m_PrefabInstance: {fileID: 0}
  m_PrefabAsset: {fileID: 0}
  serializedVersion: 6
  m_Component:
  - component: {fileID: 4046711025944947464}
  m_Layer: 0
  m_Name: 10_coin_reward
  m_TagString: Untagged
  m_Icon: {fileID: 0}
  m_NavMeshLayer: 0
  m_StaticEditorFlags: 0
  m_IsActive: 1
--- !u!4 &4046711025944947464
Transform:
  m_ObjectHideFlags: 0
  m_CorrespondingSourceObject: {fileID: 0}
  m_PrefabInstance: {fileID: 0}
  m_PrefabAsset: {fileID: 0}
  m_GameObject: {fileID: 4046711025944947465}
  m_LocalRotation: {x: 0, y: 0, z: 0, w: 1}
  m_LocalPosition: {x: 0, y: 0, z: 0}
  m_LocalScale: {x: 1, y: 1, z: 1}
  m_Children:
  - {fileID: 4634706035749520595}
  - {fileID: 1855148831830820942}
  - {fileID: 4560505656410566352}
  - {fileID: 1303601040134210144}
  - {fileID: 9143836385888025760}
  - {fileID: 4312300746165195415}
  - {fileID: 7159700811720940276}
  - {fileID: 1546953032659036785}
  - {fileID: 5378165254150607853}
  - {fileID: 1385845517084416980}
  m_Father: {fileID: 0}
  m_RootOrder: 0
  m_LocalEulerAnglesHint: {x: 0, y: 0, z: 0}
--- !u!1001 &36638007213770778
PrefabInstance:
  m_ObjectHideFlags: 0
  serializedVersion: 2
  m_Modification:
    m_TransformParent: {fileID: 4046711025944947464}
    m_Modifications:
    - target: {fileID: 2613698743247958764, guid: 07133bf4259a7334592f197054251776,
        type: 3}
      propertyPath: m_Name
      value: Coin (18)
      objectReference: {fileID: 0}
    - target: {fileID: 5341619760566082551, guid: 07133bf4259a7334592f197054251776,
        type: 3}
      propertyPath: m_LocalPosition.x
      value: -4.44
      objectReference: {fileID: 0}
    - target: {fileID: 5341619760566082551, guid: 07133bf4259a7334592f197054251776,
        type: 3}
      propertyPath: m_LocalPosition.y
      value: -2.57
      objectReference: {fileID: 0}
    - target: {fileID: 5341619760566082551, guid: 07133bf4259a7334592f197054251776,
        type: 3}
      propertyPath: m_LocalPosition.z
      value: 34.885098
      objectReference: {fileID: 0}
    - target: {fileID: 5341619760566082551, guid: 07133bf4259a7334592f197054251776,
        type: 3}
      propertyPath: m_LocalRotation.x
      value: -0
      objectReference: {fileID: 0}
    - target: {fileID: 5341619760566082551, guid: 07133bf4259a7334592f197054251776,
        type: 3}
      propertyPath: m_LocalRotation.y
      value: -0
      objectReference: {fileID: 0}
    - target: {fileID: 5341619760566082551, guid: 07133bf4259a7334592f197054251776,
        type: 3}
      propertyPath: m_LocalRotation.z
      value: -0
      objectReference: {fileID: 0}
    - target: {fileID: 5341619760566082551, guid: 07133bf4259a7334592f197054251776,
        type: 3}
      propertyPath: m_LocalRotation.w
      value: 1
      objectReference: {fileID: 0}
    - target: {fileID: 5341619760566082551, guid: 07133bf4259a7334592f197054251776,
        type: 3}
      propertyPath: m_RootOrder
      value: 8
      objectReference: {fileID: 0}
    - target: {fileID: 5341619760566082551, guid: 07133bf4259a7334592f197054251776,
        type: 3}
      propertyPath: m_LocalEulerAnglesHint.x
      value: 0
      objectReference: {fileID: 0}
    - target: {fileID: 5341619760566082551, guid: 07133bf4259a7334592f197054251776,
        type: 3}
      propertyPath: m_LocalEulerAnglesHint.y
      value: 0
      objectReference: {fileID: 0}
    - target: {fileID: 5341619760566082551, guid: 07133bf4259a7334592f197054251776,
        type: 3}
      propertyPath: m_LocalEulerAnglesHint.z
      value: 0
      objectReference: {fileID: 0}
    m_RemovedComponents: []
  m_SourcePrefab: {fileID: 100100000, guid: 07133bf4259a7334592f197054251776, type: 3}
--- !u!4 &5378165254150607853 stripped
Transform:
  m_CorrespondingSourceObject: {fileID: 5341619760566082551, guid: 07133bf4259a7334592f197054251776,
    type: 3}
  m_PrefabInstance: {fileID: 36638007213770778}
  m_PrefabAsset: {fileID: 0}
--- !u!1001 &752371937380540196
PrefabInstance:
  m_ObjectHideFlags: 0
  serializedVersion: 2
  m_Modification:
    m_TransformParent: {fileID: 4046711025944947464}
    m_Modifications:
    - target: {fileID: 2613698743247958764, guid: 07133bf4259a7334592f197054251776,
        type: 3}
      propertyPath: m_Name
      value: Coin (10)
      objectReference: {fileID: 0}
    - target: {fileID: 5341619760566082551, guid: 07133bf4259a7334592f197054251776,
        type: 3}
      propertyPath: m_LocalPosition.x
      value: -2.0255995
      objectReference: {fileID: 0}
    - target: {fileID: 5341619760566082551, guid: 07133bf4259a7334592f197054251776,
        type: 3}
      propertyPath: m_LocalPosition.y
      value: -2.758368
      objectReference: {fileID: 0}
    - target: {fileID: 5341619760566082551, guid: 07133bf4259a7334592f197054251776,
        type: 3}
      propertyPath: m_LocalPosition.z
      value: 34.885098
      objectReference: {fileID: 0}
    - target: {fileID: 5341619760566082551, guid: 07133bf4259a7334592f197054251776,
        type: 3}
      propertyPath: m_LocalRotation.x
      value: -0
      objectReference: {fileID: 0}
    - target: {fileID: 5341619760566082551, guid: 07133bf4259a7334592f197054251776,
        type: 3}
      propertyPath: m_LocalRotation.y
      value: -0
      objectReference: {fileID: 0}
    - target: {fileID: 5341619760566082551, guid: 07133bf4259a7334592f197054251776,
        type: 3}
      propertyPath: m_LocalRotation.z
      value: -0
      objectReference: {fileID: 0}
    - target: {fileID: 5341619760566082551, guid: 07133bf4259a7334592f197054251776,
        type: 3}
      propertyPath: m_LocalRotation.w
      value: 1
      objectReference: {fileID: 0}
    - target: {fileID: 5341619760566082551, guid: 07133bf4259a7334592f197054251776,
        type: 3}
      propertyPath: m_RootOrder
      value: 0
      objectReference: {fileID: 0}
    - target: {fileID: 5341619760566082551, guid: 07133bf4259a7334592f197054251776,
        type: 3}
      propertyPath: m_LocalEulerAnglesHint.x
      value: 0
      objectReference: {fileID: 0}
    - target: {fileID: 5341619760566082551, guid: 07133bf4259a7334592f197054251776,
        type: 3}
      propertyPath: m_LocalEulerAnglesHint.y
      value: 0
      objectReference: {fileID: 0}
    - target: {fileID: 5341619760566082551, guid: 07133bf4259a7334592f197054251776,
        type: 3}
      propertyPath: m_LocalEulerAnglesHint.z
      value: 0
      objectReference: {fileID: 0}
    m_RemovedComponents: []
  m_SourcePrefab: {fileID: 100100000, guid: 07133bf4259a7334592f197054251776, type: 3}
--- !u!4 &4634706035749520595 stripped
Transform:
  m_CorrespondingSourceObject: {fileID: 5341619760566082551, guid: 07133bf4259a7334592f197054251776,
    type: 3}
  m_PrefabInstance: {fileID: 752371937380540196}
  m_PrefabAsset: {fileID: 0}
--- !u!1001 &2989654765539705091
PrefabInstance:
  m_ObjectHideFlags: 0
  serializedVersion: 2
  m_Modification:
    m_TransformParent: {fileID: 4046711025944947464}
    m_Modifications:
    - target: {fileID: 2613698743247958764, guid: 07133bf4259a7334592f197054251776,
        type: 3}
      propertyPath: m_Name
      value: Coin (16)
      objectReference: {fileID: 0}
    - target: {fileID: 5341619760566082551, guid: 07133bf4259a7334592f197054251776,
        type: 3}
      propertyPath: m_LocalPosition.x
      value: -3.47
      objectReference: {fileID: 0}
    - target: {fileID: 5341619760566082551, guid: 07133bf4259a7334592f197054251776,
        type: 3}
      propertyPath: m_LocalPosition.y
      value: -0.78
      objectReference: {fileID: 0}
    - target: {fileID: 5341619760566082551, guid: 07133bf4259a7334592f197054251776,
        type: 3}
      propertyPath: m_LocalPosition.z
      value: 34.885098
      objectReference: {fileID: 0}
    - target: {fileID: 5341619760566082551, guid: 07133bf4259a7334592f197054251776,
        type: 3}
      propertyPath: m_LocalRotation.x
      value: -0
      objectReference: {fileID: 0}
    - target: {fileID: 5341619760566082551, guid: 07133bf4259a7334592f197054251776,
        type: 3}
      propertyPath: m_LocalRotation.y
      value: -0
      objectReference: {fileID: 0}
    - target: {fileID: 5341619760566082551, guid: 07133bf4259a7334592f197054251776,
        type: 3}
      propertyPath: m_LocalRotation.z
      value: -0
      objectReference: {fileID: 0}
    - target: {fileID: 5341619760566082551, guid: 07133bf4259a7334592f197054251776,
        type: 3}
      propertyPath: m_LocalRotation.w
      value: 1
      objectReference: {fileID: 0}
    - target: {fileID: 5341619760566082551, guid: 07133bf4259a7334592f197054251776,
        type: 3}
      propertyPath: m_RootOrder
      value: 6
      objectReference: {fileID: 0}
    - target: {fileID: 5341619760566082551, guid: 07133bf4259a7334592f197054251776,
        type: 3}
      propertyPath: m_LocalEulerAnglesHint.x
      value: 0
      objectReference: {fileID: 0}
    - target: {fileID: 5341619760566082551, guid: 07133bf4259a7334592f197054251776,
        type: 3}
      propertyPath: m_LocalEulerAnglesHint.y
      value: 0
      objectReference: {fileID: 0}
    - target: {fileID: 5341619760566082551, guid: 07133bf4259a7334592f197054251776,
        type: 3}
      propertyPath: m_LocalEulerAnglesHint.z
      value: 0
      objectReference: {fileID: 0}
    m_RemovedComponents: []
  m_SourcePrefab: {fileID: 100100000, guid: 07133bf4259a7334592f197054251776, type: 3}
--- !u!4 &7159700811720940276 stripped
Transform:
  m_CorrespondingSourceObject: {fileID: 5341619760566082551, guid: 07133bf4259a7334592f197054251776,
    type: 3}
  m_PrefabInstance: {fileID: 2989654765539705091}
  m_PrefabAsset: {fileID: 0}
--- !u!1001 &3802252359470032727
PrefabInstance:
  m_ObjectHideFlags: 0
  serializedVersion: 2
  m_Modification:
    m_TransformParent: {fileID: 4046711025944947464}
    m_Modifications:
    - target: {fileID: 2613698743247958764, guid: 07133bf4259a7334592f197054251776,
        type: 3}
      propertyPath: m_Name
      value: Coin (14)
      objectReference: {fileID: 0}
    - target: {fileID: 5341619760566082551, guid: 07133bf4259a7334592f197054251776,
        type: 3}
      propertyPath: m_LocalPosition.x
      value: 0.75
      objectReference: {fileID: 0}
    - target: {fileID: 5341619760566082551, guid: 07133bf4259a7334592f197054251776,
        type: 3}
      propertyPath: m_LocalPosition.y
      value: -1.26
      objectReference: {fileID: 0}
    - target: {fileID: 5341619760566082551, guid: 07133bf4259a7334592f197054251776,
        type: 3}
      propertyPath: m_LocalPosition.z
      value: 34.06
      objectReference: {fileID: 0}
    - target: {fileID: 5341619760566082551, guid: 07133bf4259a7334592f197054251776,
        type: 3}
      propertyPath: m_LocalRotation.x
      value: -0
      objectReference: {fileID: 0}
    - target: {fileID: 5341619760566082551, guid: 07133bf4259a7334592f197054251776,
        type: 3}
      propertyPath: m_LocalRotation.y
      value: -0
      objectReference: {fileID: 0}
    - target: {fileID: 5341619760566082551, guid: 07133bf4259a7334592f197054251776,
        type: 3}
      propertyPath: m_LocalRotation.z
      value: -0
      objectReference: {fileID: 0}
    - target: {fileID: 5341619760566082551, guid: 07133bf4259a7334592f197054251776,
        type: 3}
      propertyPath: m_LocalRotation.w
      value: 1
      objectReference: {fileID: 0}
    - target: {fileID: 5341619760566082551, guid: 07133bf4259a7334592f197054251776,
        type: 3}
      propertyPath: m_RootOrder
      value: 4
      objectReference: {fileID: 0}
    - target: {fileID: 5341619760566082551, guid: 07133bf4259a7334592f197054251776,
        type: 3}
      propertyPath: m_LocalEulerAnglesHint.x
      value: 0
      objectReference: {fileID: 0}
    - target: {fileID: 5341619760566082551, guid: 07133bf4259a7334592f197054251776,
        type: 3}
      propertyPath: m_LocalEulerAnglesHint.y
      value: 0
      objectReference: {fileID: 0}
    - target: {fileID: 5341619760566082551, guid: 07133bf4259a7334592f197054251776,
        type: 3}
      propertyPath: m_LocalEulerAnglesHint.z
      value: 0
      objectReference: {fileID: 0}
    m_RemovedComponents: []
  m_SourcePrefab: {fileID: 100100000, guid: 07133bf4259a7334592f197054251776, type: 3}
--- !u!4 &9143836385888025760 stripped
Transform:
  m_CorrespondingSourceObject: {fileID: 5341619760566082551, guid: 07133bf4259a7334592f197054251776,
    type: 3}
  m_PrefabInstance: {fileID: 3802252359470032727}
  m_PrefabAsset: {fileID: 0}
--- !u!1001 &6025797436172030905
PrefabInstance:
  m_ObjectHideFlags: 0
  serializedVersion: 2
  m_Modification:
    m_TransformParent: {fileID: 4046711025944947464}
    m_Modifications:
    - target: {fileID: 2613698743247958764, guid: 07133bf4259a7334592f197054251776,
        type: 3}
      propertyPath: m_Name
      value: Coin (11)
      objectReference: {fileID: 0}
    - target: {fileID: 5341619760566082551, guid: 07133bf4259a7334592f197054251776,
        type: 3}
      propertyPath: m_LocalPosition.x
      value: -2.56
      objectReference: {fileID: 0}
    - target: {fileID: 5341619760566082551, guid: 07133bf4259a7334592f197054251776,
        type: 3}
      propertyPath: m_LocalPosition.y
      value: -1.66
      objectReference: {fileID: 0}
    - target: {fileID: 5341619760566082551, guid: 07133bf4259a7334592f197054251776,
        type: 3}
      propertyPath: m_LocalPosition.z
      value: 34.885098
      objectReference: {fileID: 0}
    - target: {fileID: 5341619760566082551, guid: 07133bf4259a7334592f197054251776,
        type: 3}
      propertyPath: m_LocalRotation.x
      value: -0
      objectReference: {fileID: 0}
    - target: {fileID: 5341619760566082551, guid: 07133bf4259a7334592f197054251776,
        type: 3}
      propertyPath: m_LocalRotation.y
      value: -0
      objectReference: {fileID: 0}
    - target: {fileID: 5341619760566082551, guid: 07133bf4259a7334592f197054251776,
        type: 3}
      propertyPath: m_LocalRotation.z
      value: -0
      objectReference: {fileID: 0}
    - target: {fileID: 5341619760566082551, guid: 07133bf4259a7334592f197054251776,
        type: 3}
      propertyPath: m_LocalRotation.w
      value: 1
      objectReference: {fileID: 0}
    - target: {fileID: 5341619760566082551, guid: 07133bf4259a7334592f197054251776,
        type: 3}
      propertyPath: m_RootOrder
      value: 1
      objectReference: {fileID: 0}
    - target: {fileID: 5341619760566082551, guid: 07133bf4259a7334592f197054251776,
        type: 3}
      propertyPath: m_LocalEulerAnglesHint.x
      value: 0
      objectReference: {fileID: 0}
    - target: {fileID: 5341619760566082551, guid: 07133bf4259a7334592f197054251776,
        type: 3}
      propertyPath: m_LocalEulerAnglesHint.y
      value: 0
      objectReference: {fileID: 0}
    - target: {fileID: 5341619760566082551, guid: 07133bf4259a7334592f197054251776,
        type: 3}
      propertyPath: m_LocalEulerAnglesHint.z
      value: 0
      objectReference: {fileID: 0}
    m_RemovedComponents: []
  m_SourcePrefab: {fileID: 100100000, guid: 07133bf4259a7334592f197054251776, type: 3}
--- !u!4 &1855148831830820942 stripped
Transform:
  m_CorrespondingSourceObject: {fileID: 5341619760566082551, guid: 07133bf4259a7334592f197054251776,
    type: 3}
  m_PrefabInstance: {fileID: 6025797436172030905}
  m_PrefabAsset: {fileID: 0}
--- !u!1001 &6356387643067472279
PrefabInstance:
  m_ObjectHideFlags: 0
  serializedVersion: 2
  m_Modification:
    m_TransformParent: {fileID: 4046711025944947464}
    m_Modifications:
    - target: {fileID: 2613698743247958764, guid: 07133bf4259a7334592f197054251776,
        type: 3}
      propertyPath: m_Name
      value: Coin (13)
      objectReference: {fileID: 0}
    - target: {fileID: 5341619760566082551, guid: 07133bf4259a7334592f197054251776,
        type: 3}
      propertyPath: m_LocalPosition.x
      value: 0.75
      objectReference: {fileID: 0}
    - target: {fileID: 5341619760566082551, guid: 07133bf4259a7334592f197054251776,
        type: 3}
      propertyPath: m_LocalPosition.y
      value: -2.87
      objectReference: {fileID: 0}
    - target: {fileID: 5341619760566082551, guid: 07133bf4259a7334592f197054251776,
        type: 3}
      propertyPath: m_LocalPosition.z
      value: 34.06
      objectReference: {fileID: 0}
    - target: {fileID: 5341619760566082551, guid: 07133bf4259a7334592f197054251776,
        type: 3}
      propertyPath: m_LocalRotation.x
      value: -0
      objectReference: {fileID: 0}
    - target: {fileID: 5341619760566082551, guid: 07133bf4259a7334592f197054251776,
        type: 3}
      propertyPath: m_LocalRotation.y
      value: -0
      objectReference: {fileID: 0}
    - target: {fileID: 5341619760566082551, guid: 07133bf4259a7334592f197054251776,
        type: 3}
      propertyPath: m_LocalRotation.z
      value: -0
      objectReference: {fileID: 0}
    - target: {fileID: 5341619760566082551, guid: 07133bf4259a7334592f197054251776,
        type: 3}
      propertyPath: m_LocalRotation.w
      value: 1
      objectReference: {fileID: 0}
    - target: {fileID: 5341619760566082551, guid: 07133bf4259a7334592f197054251776,
        type: 3}
      propertyPath: m_RootOrder
      value: 3
      objectReference: {fileID: 0}
    - target: {fileID: 5341619760566082551, guid: 07133bf4259a7334592f197054251776,
        type: 3}
      propertyPath: m_LocalEulerAnglesHint.x
      value: 0
      objectReference: {fileID: 0}
    - target: {fileID: 5341619760566082551, guid: 07133bf4259a7334592f197054251776,
        type: 3}
      propertyPath: m_LocalEulerAnglesHint.y
      value: 0
      objectReference: {fileID: 0}
    - target: {fileID: 5341619760566082551, guid: 07133bf4259a7334592f197054251776,
        type: 3}
      propertyPath: m_LocalEulerAnglesHint.z
      value: 0
      objectReference: {fileID: 0}
    m_RemovedComponents: []
  m_SourcePrefab: {fileID: 100100000, guid: 07133bf4259a7334592f197054251776, type: 3}
--- !u!4 &1303601040134210144 stripped
Transform:
  m_CorrespondingSourceObject: {fileID: 5341619760566082551, guid: 07133bf4259a7334592f197054251776,
    type: 3}
  m_PrefabInstance: {fileID: 6356387643067472279}
  m_PrefabAsset: {fileID: 0}
--- !u!1001 &6420653094821806115
PrefabInstance:
  m_ObjectHideFlags: 0
  serializedVersion: 2
  m_Modification:
    m_TransformParent: {fileID: 4046711025944947464}
    m_Modifications:
    - target: {fileID: 2613698743247958764, guid: 07133bf4259a7334592f197054251776,
        type: 3}
      propertyPath: m_Name
      value: Coin (19)
      objectReference: {fileID: 0}
    - target: {fileID: 5341619760566082551, guid: 07133bf4259a7334592f197054251776,
        type: 3}
      propertyPath: m_LocalPosition.x
      value: 1.71
      objectReference: {fileID: 0}
    - target: {fileID: 5341619760566082551, guid: 07133bf4259a7334592f197054251776,
        type: 3}
      propertyPath: m_LocalPosition.y
      value: -0.58
      objectReference: {fileID: 0}
    - target: {fileID: 5341619760566082551, guid: 07133bf4259a7334592f197054251776,
        type: 3}
      propertyPath: m_LocalPosition.z
      value: 34.885098
      objectReference: {fileID: 0}
    - target: {fileID: 5341619760566082551, guid: 07133bf4259a7334592f197054251776,
        type: 3}
      propertyPath: m_LocalRotation.x
      value: -0
      objectReference: {fileID: 0}
    - target: {fileID: 5341619760566082551, guid: 07133bf4259a7334592f197054251776,
        type: 3}
      propertyPath: m_LocalRotation.y
      value: -0
      objectReference: {fileID: 0}
    - target: {fileID: 5341619760566082551, guid: 07133bf4259a7334592f197054251776,
        type: 3}
      propertyPath: m_LocalRotation.z
      value: -0
      objectReference: {fileID: 0}
    - target: {fileID: 5341619760566082551, guid: 07133bf4259a7334592f197054251776,
        type: 3}
      propertyPath: m_LocalRotation.w
      value: 1
      objectReference: {fileID: 0}
    - target: {fileID: 5341619760566082551, guid: 07133bf4259a7334592f197054251776,
        type: 3}
      propertyPath: m_RootOrder
      value: 9
      objectReference: {fileID: 0}
    - target: {fileID: 5341619760566082551, guid: 07133bf4259a7334592f197054251776,
        type: 3}
      propertyPath: m_LocalEulerAnglesHint.x
      value: 0
      objectReference: {fileID: 0}
    - target: {fileID: 5341619760566082551, guid: 07133bf4259a7334592f197054251776,
        type: 3}
      propertyPath: m_LocalEulerAnglesHint.y
      value: 0
      objectReference: {fileID: 0}
    - target: {fileID: 5341619760566082551, guid: 07133bf4259a7334592f197054251776,
        type: 3}
      propertyPath: m_LocalEulerAnglesHint.z
      value: 0
      objectReference: {fileID: 0}
    m_RemovedComponents: []
  m_SourcePrefab: {fileID: 100100000, guid: 07133bf4259a7334592f197054251776, type: 3}
--- !u!4 &1385845517084416980 stripped
Transform:
  m_CorrespondingSourceObject: {fileID: 5341619760566082551, guid: 07133bf4259a7334592f197054251776,
    type: 3}
  m_PrefabInstance: {fileID: 6420653094821806115}
  m_PrefabAsset: {fileID: 0}
--- !u!1001 &6869923787474039174
PrefabInstance:
  m_ObjectHideFlags: 0
  serializedVersion: 2
  m_Modification:
    m_TransformParent: {fileID: 4046711025944947464}
    m_Modifications:
    - target: {fileID: 2613698743247958764, guid: 07133bf4259a7334592f197054251776,
        type: 3}
      propertyPath: m_Name
      value: Coin (17)
      objectReference: {fileID: 0}
    - target: {fileID: 5341619760566082551, guid: 07133bf4259a7334592f197054251776,
        type: 3}
      propertyPath: m_LocalPosition.x
      value: -1.11
      objectReference: {fileID: 0}
    - target: {fileID: 5341619760566082551, guid: 07133bf4259a7334592f197054251776,
        type: 3}
      propertyPath: m_LocalPosition.y
      value: -0.63
      objectReference: {fileID: 0}
    - target: {fileID: 5341619760566082551, guid: 07133bf4259a7334592f197054251776,
        type: 3}
      propertyPath: m_LocalPosition.z
      value: 34.885098
      objectReference: {fileID: 0}
    - target: {fileID: 5341619760566082551, guid: 07133bf4259a7334592f197054251776,
        type: 3}
      propertyPath: m_LocalRotation.x
      value: -0
      objectReference: {fileID: 0}
    - target: {fileID: 5341619760566082551, guid: 07133bf4259a7334592f197054251776,
        type: 3}
      propertyPath: m_LocalRotation.y
      value: -0
      objectReference: {fileID: 0}
    - target: {fileID: 5341619760566082551, guid: 07133bf4259a7334592f197054251776,
        type: 3}
      propertyPath: m_LocalRotation.z
      value: -0
      objectReference: {fileID: 0}
    - target: {fileID: 5341619760566082551, guid: 07133bf4259a7334592f197054251776,
        type: 3}
      propertyPath: m_LocalRotation.w
      value: 1
      objectReference: {fileID: 0}
    - target: {fileID: 5341619760566082551, guid: 07133bf4259a7334592f197054251776,
        type: 3}
      propertyPath: m_RootOrder
      value: 7
      objectReference: {fileID: 0}
    - target: {fileID: 5341619760566082551, guid: 07133bf4259a7334592f197054251776,
        type: 3}
      propertyPath: m_LocalEulerAnglesHint.x
      value: 0
      objectReference: {fileID: 0}
    - target: {fileID: 5341619760566082551, guid: 07133bf4259a7334592f197054251776,
        type: 3}
      propertyPath: m_LocalEulerAnglesHint.y
      value: 0
      objectReference: {fileID: 0}
    - target: {fileID: 5341619760566082551, guid: 07133bf4259a7334592f197054251776,
        type: 3}
      propertyPath: m_LocalEulerAnglesHint.z
      value: 0
      objectReference: {fileID: 0}
    m_RemovedComponents: []
  m_SourcePrefab: {fileID: 100100000, guid: 07133bf4259a7334592f197054251776, type: 3}
--- !u!4 &1546953032659036785 stripped
Transform:
  m_CorrespondingSourceObject: {fileID: 5341619760566082551, guid: 07133bf4259a7334592f197054251776,
    type: 3}
  m_PrefabInstance: {fileID: 6869923787474039174}
  m_PrefabAsset: {fileID: 0}
--- !u!1001 &8212701435451378016
PrefabInstance:
  m_ObjectHideFlags: 0
  serializedVersion: 2
  m_Modification:
    m_TransformParent: {fileID: 4046711025944947464}
    m_Modifications:
    - target: {fileID: 2613698743247958764, guid: 07133bf4259a7334592f197054251776,
        type: 3}
      propertyPath: m_Name
      value: Coin (15)
      objectReference: {fileID: 0}
    - target: {fileID: 5341619760566082551, guid: 07133bf4259a7334592f197054251776,
        type: 3}
      propertyPath: m_LocalPosition.x
      value: 2.55
      objectReference: {fileID: 0}
    - target: {fileID: 5341619760566082551, guid: 07133bf4259a7334592f197054251776,
        type: 3}
      propertyPath: m_LocalPosition.y
      value: -2.2
      objectReference: {fileID: 0}
    - target: {fileID: 5341619760566082551, guid: 07133bf4259a7334592f197054251776,
        type: 3}
      propertyPath: m_LocalPosition.z
      value: 34.06
      objectReference: {fileID: 0}
    - target: {fileID: 5341619760566082551, guid: 07133bf4259a7334592f197054251776,
        type: 3}
      propertyPath: m_LocalRotation.x
      value: -0
      objectReference: {fileID: 0}
    - target: {fileID: 5341619760566082551, guid: 07133bf4259a7334592f197054251776,
        type: 3}
      propertyPath: m_LocalRotation.y
      value: -0
      objectReference: {fileID: 0}
    - target: {fileID: 5341619760566082551, guid: 07133bf4259a7334592f197054251776,
        type: 3}
      propertyPath: m_LocalRotation.z
      value: -0
      objectReference: {fileID: 0}
    - target: {fileID: 5341619760566082551, guid: 07133bf4259a7334592f197054251776,
        type: 3}
      propertyPath: m_LocalRotation.w
      value: 1
      objectReference: {fileID: 0}
    - target: {fileID: 5341619760566082551, guid: 07133bf4259a7334592f197054251776,
        type: 3}
      propertyPath: m_RootOrder
      value: 5
      objectReference: {fileID: 0}
    - target: {fileID: 5341619760566082551, guid: 07133bf4259a7334592f197054251776,
        type: 3}
      propertyPath: m_LocalEulerAnglesHint.x
      value: 0
      objectReference: {fileID: 0}
    - target: {fileID: 5341619760566082551, guid: 07133bf4259a7334592f197054251776,
        type: 3}
      propertyPath: m_LocalEulerAnglesHint.y
      value: 0
      objectReference: {fileID: 0}
    - target: {fileID: 5341619760566082551, guid: 07133bf4259a7334592f197054251776,
        type: 3}
      propertyPath: m_LocalEulerAnglesHint.z
      value: 0
      objectReference: {fileID: 0}
    m_RemovedComponents: []
  m_SourcePrefab: {fileID: 100100000, guid: 07133bf4259a7334592f197054251776, type: 3}
--- !u!4 &4312300746165195415 stripped
Transform:
  m_CorrespondingSourceObject: {fileID: 5341619760566082551, guid: 07133bf4259a7334592f197054251776,
    type: 3}
  m_PrefabInstance: {fileID: 8212701435451378016}
  m_PrefabAsset: {fileID: 0}
--- !u!1001 &8460879845784384807
PrefabInstance:
  m_ObjectHideFlags: 0
  serializedVersion: 2
  m_Modification:
    m_TransformParent: {fileID: 4046711025944947464}
    m_Modifications:
    - target: {fileID: 2613698743247958764, guid: 07133bf4259a7334592f197054251776,
        type: 3}
      propertyPath: m_Name
      value: Coin (12)
      objectReference: {fileID: 0}
    - target: {fileID: 5341619760566082551, guid: 07133bf4259a7334592f197054251776,
        type: 3}
      propertyPath: m_LocalPosition.x
      value: -0.46
      objectReference: {fileID: 0}
    - target: {fileID: 5341619760566082551, guid: 07133bf4259a7334592f197054251776,
        type: 3}
      propertyPath: m_LocalPosition.y
      value: -1.95
      objectReference: {fileID: 0}
    - target: {fileID: 5341619760566082551, guid: 07133bf4259a7334592f197054251776,
        type: 3}
      propertyPath: m_LocalPosition.z
      value: 34.06
      objectReference: {fileID: 0}
    - target: {fileID: 5341619760566082551, guid: 07133bf4259a7334592f197054251776,
        type: 3}
      propertyPath: m_LocalRotation.x
      value: -0
      objectReference: {fileID: 0}
    - target: {fileID: 5341619760566082551, guid: 07133bf4259a7334592f197054251776,
        type: 3}
      propertyPath: m_LocalRotation.y
      value: -0
      objectReference: {fileID: 0}
    - target: {fileID: 5341619760566082551, guid: 07133bf4259a7334592f197054251776,
        type: 3}
      propertyPath: m_LocalRotation.z
      value: -0
      objectReference: {fileID: 0}
    - target: {fileID: 5341619760566082551, guid: 07133bf4259a7334592f197054251776,
        type: 3}
      propertyPath: m_LocalRotation.w
      value: 1
      objectReference: {fileID: 0}
    - target: {fileID: 5341619760566082551, guid: 07133bf4259a7334592f197054251776,
        type: 3}
      propertyPath: m_RootOrder
      value: 2
      objectReference: {fileID: 0}
    - target: {fileID: 5341619760566082551, guid: 07133bf4259a7334592f197054251776,
        type: 3}
      propertyPath: m_LocalEulerAnglesHint.x
      value: 0
      objectReference: {fileID: 0}
    - target: {fileID: 5341619760566082551, guid: 07133bf4259a7334592f197054251776,
        type: 3}
      propertyPath: m_LocalEulerAnglesHint.y
      value: 0
      objectReference: {fileID: 0}
    - target: {fileID: 5341619760566082551, guid: 07133bf4259a7334592f197054251776,
        type: 3}
      propertyPath: m_LocalEulerAnglesHint.z
      value: 0
      objectReference: {fileID: 0}
    m_RemovedComponents: []
  m_SourcePrefab: {fileID: 100100000, guid: 07133bf4259a7334592f197054251776, type: 3}
--- !u!4 &4560505656410566352 stripped
Transform:
  m_CorrespondingSourceObject: {fileID: 5341619760566082551, guid: 07133bf4259a7334592f197054251776,
    type: 3}
  m_PrefabInstance: {fileID: 8460879845784384807}
  m_PrefabAsset: {fileID: 0}
